@article{fisher1986ordered,
  title={Ordered phase of short-range Ising spin-glasses},
  author={Fisher, Daniel S and Huse, David A},
  journal={Physical review letters},
  volume={56},
  number={15},
  pages={1601},
  year={1986},
  publisher={APS}
}